@inproceedings{alaimi2020pedagogical,
  title={Pedagogical agents for fostering question-asking skills in children},
  author={Alaimi, Mehdi and Law, Edith and Pantasdo, Kevin Daniel and Oudeyer, Pierre-Yves and Sauzeon, H{\'e}l{\`e}ne},
  booktitle={Proceedings of the 2020 CHI Conference on Human Factors in Computing Systems},
  pages={1--13},
  year={2020}
}

@article{bogaerds2022textbooks,
  title={What textbooks offer and what teachers teach: an analysis of the Dutch reading comprehension curriculum},
  author={Bogaerds-Hazenberg, Suzanne TM and Evers-Vermeul, Jacqueline and van den Bergh, Huub},
  journal={Reading and writing},
  volume={35},
  number={7},
  pages={1497--1523},
  year={2022},
  publisher={Springer}
}

@article{nielen2018digital,
  title={Digital guidance for susceptible readers: Effects on fifth graders’ reading motivation and incidental vocabulary learning},
  author={Nielen, Thijs MJ and Smith, Glenn G and Sikkema-de Jong, Maria T and Drobisz, Jack and van Horne, Bill and Bus, Adriana G},
  journal={Journal of Educational Computing Research},
  volume={56},
  number={1},
  pages={48--73},
  year={2018},
  publisher={Sage Publications Sage CA: Los Angeles, CA}
}

@incollection{goldberg2013alternative,
  title={An alternative “description of personality”: The Big-Five factor structure},
  author={Goldberg, Lewis R},
  booktitle={Personality and Personality Disorders},
  pages={34--47},
  year={2013},
  publisher={Routledge}
}

@misc{murray2021literacy,
  title={Literacy is inadequate: young children need literacies},
  author={Murray, Jane},
  journal={International Journal of Early Years Education},
  volume={29},
  number={1},
  pages={1--5},
  year={2021},
  publisher={Taylor \& Francis}
}

@article{neuman2023data,
  title={Data augmentation for modeling human personality: The Dexter machine},
  author={Neuman, Yair and Kozhukhov, Vladyslav and Vilenchik, Dan},
  journal={arXiv preprint arXiv:2301.08606},
  year={2023}
}

@article{engel2015competitive,
  title={Competitive comparison and PISA bragging rights: sub-national uses of the OECD's PISA in Canada and the USA},
  author={Engel, Laura C and Frizzell, Matthew O},
  journal={Discourse: Studies in the Cultural Politics of Education},
  volume={36},
  number={5},
  pages={665--682},
  year={2015},
  publisher={Taylor \& Francis}
}

@phdthesis{papaioannou2022designing,
  title={Designing coherent and engaging open-domain conversational AI systems},
  author={Papaioannou, Ioannis and others},
  year={2022},
  school={Heriot-Watt University}
}

@article{zwaan1998constructing,
  title={Constructing multidimensional situation models during reading},
  author={Zwaan, Rolf A and Radvansky, Gabriel A and Hilliard, Amy E and Curiel, Jacqueline M},
  journal={Scientific studies of reading},
  volume={2},
  number={3},
  pages={199--220},
  year={1998},
  publisher={Taylor \& Francis}
}

@article{wu2023openicl,
  title={Openicl: An open-source framework for in-context learning},
  author={Wu, Zhenyu and Wang, YaoXiang and Ye, Jiacheng and Feng, Jiangtao and Xu, Jingjing and Qiao, Yu and Wu, Zhiyong},
  journal={arXiv preprint arXiv:2303.02913},
  year={2023}
}

// PREPROVIDED ARE UP, NEW ARE DOWN

@article{li2019follow,
  title={Follow alice into the rabbit hole: Giving dialogue agents understanding of human level attributes},
  author={Li, Aaron W and Jiang, Veronica and Feng, Steven Y and Sprague, Julia and Zhou, Wei and Hoey, Jesse},
  journal={arXiv preprint arXiv:1910.08293},
  year={2019}
}

@misc{soskkobayashi2018bookcorpus,
    author = {Sosuke Kobayashi},
    title = {Homemade BookCorpus},
    howpublished = {\url{https://github.com/soskek/bookcorpus}},
    year = {2018}
}

@misc{gutenbergBooks,
    author = {Matej Bejan},
    title = {15000 Gutenberg Books},
    howpublished = {\url{https://www.kaggle.com/datasets/mateibejan/15000-gutenberg-books}},
    year = {2021}
}

@article{lewis2020retrieval,
  title={Retrieval-augmented generation for knowledge-intensive nlp tasks},
  author={Lewis, Patrick and Perez, Ethan and Piktus, Aleksandra and Petroni, Fabio and Karpukhin, Vladimir and Goyal, Naman and K{\"u}ttler, Heinrich and Lewis, Mike and Yih, Wen-tau and Rockt{\"a}schel, Tim and others},
  journal={Advances in Neural Information Processing Systems},
  volume={33},
  pages={9459--9474},
  year={2020}
}

@article{jiang2023active,
  title={Active retrieval augmented generation},
  author={Jiang, Zhengbao and Xu, Frank F and Gao, Luyu and Sun, Zhiqing and Liu, Qian and Dwivedi-Yu, Jane and Yang, Yiming and Callan, Jamie and Neubig, Graham},
  journal={arXiv preprint arXiv:2305.06983},
  year={2023}
}

@article{wolf2019huggingface,
  title={Huggingface's transformers: State-of-the-art natural language processing},
  author={Wolf, Thomas and Debut, Lysandre and Sanh, Victor and Chaumond, Julien and Delangue, Clement and Moi, Anthony and Cistac, Pierric and Rault, Tim and Louf, R{\'e}mi and Funtowicz, Morgan and others},
  journal={arXiv preprint arXiv:1910.03771},
  year={2019}
}

@misc{openai2022,
  author = {{OpenAI}},
  title = {{ChatGPT: OpenAI's GPT-based chatbot}},
  year = {2022},
  howpublished = {Available online at \url{https://openai.com/chatgpt}},
  note = {Accessed on March 21, 2024}
}

@misc{characterai,
  author = {{Character AI}},
  title = {{Character AI}},
  year = {2022},
  howpublished = {\url{https://character.ai/}},
  note = {Accessed on March 21, 2024}
}

@misc{characterai-chat,
  author = {{Character AI}},
  title = {{Character AI Chat}},
  year = {2024}, 
  howpublished = {\url{https://character.ai/chat/suAUJzAPwFm-rDAAzKByHqAN64dYBg__lC_83ClfBzg}},
  note = {Accessed on March 21, 2024}
}

@inproceedings{paiva1999enriching,
  title={Enriching pedagogical agents with emotional behaviour—the case of Vincent},
  author={Paiva, Ana and Machado, Isabel and Martinho, Carlos},
  booktitle={AIED},
  volume={99},
  pages={47--55},
  year={1999},
  organization={Citeseer}
}